%YAML 1.1
%TAG !u! tag:unity3d.com,2011:
--- !u!1 &2294317610726253826
GameObject:
  m_ObjectHideFlags: 0
  m_CorrespondingSourceObject: {fileID: 0}
  m_PrefabInstance: {fileID: 0}
  m_PrefabAsset: {fileID: 0}
  serializedVersion: 6
  m_Component:
  - component: {fileID: 2294317610726253825}
  - component: {fileID: 2294317610726253854}
  - component: {fileID: 2294317610726253855}
  - component: {fileID: 2294317610726253824}
  m_Layer: 0
  m_Name: Dialog
  m_TagString: Untagged
  m_Icon: {fileID: 0}
  m_NavMeshLayer: 0
  m_StaticEditorFlags: 0
  m_IsActive: 1
--- !u!4 &2294317610726253825
Transform:
  m_ObjectHideFlags: 0
  m_CorrespondingSourceObject: {fileID: 0}
  m_PrefabInstance: {fileID: 0}
  m_PrefabAsset: {fileID: 0}
  m_GameObject: {fileID: 2294317610726253826}
  m_LocalRotation: {x: 0, y: 0, z: 0, w: 1}
  m_LocalPosition: {x: 0, y: 0, z: 0}
  m_LocalScale: {x: 1, y: 1, z: 1}
  m_Children: []
  m_Father: {fileID: 2294317611100210316}
  m_RootOrder: 1
  m_LocalEulerAnglesHint: {x: 0, y: 0, z: 0}
--- !u!114 &2294317610726253854
MonoBehaviour:
  m_ObjectHideFlags: 0
  m_CorrespondingSourceObject: {fileID: 0}
  m_PrefabInstance: {fileID: 0}
  m_PrefabAsset: {fileID: 0}
  m_GameObject: {fileID: 2294317610726253826}
  m_Enabled: 1
  m_EditorHideFlags: 0
  m_Script: {fileID: 11500000, guid: 3bd46f0c025ff4bdfac7aa613c421223, type: 3}
  m_Name: 
  m_EditorClassIdentifier: 
  Canvas: {fileID: 0}
  isInRange: 0
  interactAction:
    m_PersistentCalls:
      m_Calls:
      - m_Target: {fileID: 2294317610726253824}
        m_MethodName: TriggerDialogue
        m_Mode: 1
        m_Arguments:
          m_ObjectArgument: {fileID: 0}
          m_ObjectArgumentAssemblyTypeName: UnityEngine.Object, UnityEngine
          m_IntArgument: 0
          m_FloatArgument: 0
          m_StringArgument: 
          m_BoolArgument: 0
        m_CallState: 2
--- !u!65 &2294317610726253855
BoxCollider:
  m_ObjectHideFlags: 0
  m_CorrespondingSourceObject: {fileID: 0}
  m_PrefabInstance: {fileID: 0}
  m_PrefabAsset: {fileID: 0}
  m_GameObject: {fileID: 2294317610726253826}
  m_Material: {fileID: 0}
  m_IsTrigger: 0
  m_Enabled: 1
  serializedVersion: 2
  m_Size: {x: 1, y: 1, z: 1}
  m_Center: {x: 0, y: 0, z: 0}
--- !u!114 &2294317610726253824
MonoBehaviour:
  m_ObjectHideFlags: 0
  m_CorrespondingSourceObject: {fileID: 0}
  m_PrefabInstance: {fileID: 0}
  m_PrefabAsset: {fileID: 0}
  m_GameObject: {fileID: 2294317610726253826}
  m_Enabled: 1
  m_EditorHideFlags: 0
  m_Script: {fileID: 11500000, guid: 1708baa9a197e044abcade1e60202dd8, type: 3}
  m_Name: 
  m_EditorClassIdentifier: 
  dialogue:
    sentences:
    - speaker: Messenger
      sentence: Greetings Princess, it is a pleasure to finally meet you. I heard
        so much of you.
    - speaker: Kaguya
      sentence: Are you the Messenger of the Moon-Palace?
    - speaker: Messenger
      sentence: 'Indeed, I guess my little assistants were running their mouth again.
        And I suppose that you have many questions. But let me ask you one first:'
    - speaker: Messenger
      sentence: Do you feel like this is your true home?
    - speaker: Kaguya
      sentence: ...
    - speaker: Messenger
      sentence: Do not feel so down, it is only natural to feel conflicted for you,
        princess. After all you lived here for many years.
    - speaker: Kaguya
      sentence: What do you mean? My father told me many times that I was born in
        this very bamboo forest and I remember growing up here.
    - speaker: Messenger
      sentence: It is true that you lived most of your life in this place, but this
        is not the place you were born. You are one of us...a member of the Moon-Palace
        Nobility!
    - speaker: Kaguya
      sentence: WHAT?! NO this is impossible.
    - speaker: Messenger
      sentence: Search your feelings, princess. You know it to be true! No, you are
        the one and only princess in the whole Moon-Palace!
    - speaker: Kaguya
      sentence: But...but why am I here then? This does not make any sense!
    - speaker: Messenger
      sentence: It is a century long tradition that every princess has to go to earth
        to experience what it is like to live like a normal human.
    - speaker: Messenger
      sentence: Most of them leave the planet after a few short years before they
        cry in their heart for help. You are the first one who lives more than 2
        decades on earth.
    - speaker: Kaguya
      sentence: Cry in their heart?
    - speaker: Messenger
      sentence: Yes. If one princess wishes for all the pain to go away and leave
        their earthly life behind, they cry to the moon for help. And recently you
        did so too, right?
    - speaker: Kaguya
      sentence: Yes...I think so. After I met the Emperor for the first time, I felt
        repulsion like I never did before in my life.
    - speaker: Kaguya
      sentence: I felt so trapped in the palace that my heart just wished to fly
        as far away as possible. Is this the cry you speak of?
    - speaker: Messenger
      sentence: Indeed. You must have endured so much pain over the last years, but
        it is now over. You do not have to feel this pain ever again.
    - speaker: Messenger
      sentence: It is time to leave.
    - speaker: Kaguya
      sentence: 'Leave? Does that mean I have to leave my parents here? '
    - speaker: Kaguya
      sentence: Can I not bring them with me? I owe them far too much and they were
        always good to me.
    - speaker: Messenger
      sentence: No, you cannot. Mortals like them are not allowed to set foot in
        the Moon-Palace. But do not worry; you will not miss them or anybody else
        here.
    - speaker: Kaguya
      sentence: What do you mean by that? Can I visit them?
    - speaker: Messenger
      sentence: Quite the contrary. After you leave with us you will forget every
        earthly attachment you had before.
    - speaker: Kaguya
      sentence: WHAT?! I will not even remember my time on earth? Why did I have
        to experience them in the first place?
    - speaker: Messenger
      sentence: 'Before you can sever your emotional ties, you have to experience
        them first. How can you know what you like to eat without trying it first? '
    - speaker: Messenger
      sentence: You have nothing to fear you should rather see it as a relief of
        these unpleasant memories you have.
    - speaker: Kaguya
      sentence: So that's why these rabbits gave me the letters of my suitors in
        the capital...to show me that it is better to just forget these bad memories
        rather than continue to live with them!
    - speaker: Messenger
      sentence: Truly commendable princess! Not many are able to come to this conclusion.
    - speaker: Messenger
      sentence: You may not be able to see your loved one again, but I will give
        them compensation for taking so good care of you.
    - speaker: Kaguya
      sentence: What if I refuse to come with you? Maybe I want to stay here on earth
        with them despite my experiences so far?
    - speaker: Kaguya
      sentence: I may have despaired after meeting the emperor, but I am on much
        better terms with him than before.
    - speaker: Messenger
      sentence: This is truly unexpected! Every princess who cried in their heart
        all wanted to leave immediately, but you are the first one to consider staying
        on earth.But I am sorry it is futile..
    - speaker: Messenger
      sentence: As soon as a princess cries in their heart and wishes to leave earth,
        a messenger will come and take you back to the palace, if you want it or
        not.
    - speaker: Kaguya
      sentence: Then why are you telling me all this and not take me by force right
        now?
    - speaker: Messenger
      sentence: 'To be honest: It is against the rules of the Moon-Palace to take
        someone without their approval. '
    - speaker: Messenger
      sentence: I would have to get permission to take you by force, and that would
        take some time. But eventually I will come back to take you back.
    - speaker: Kaguya
      sentence: 'This is unreasonable! '
    - speaker: Messenger
      sentence: Maybe, but are you truly unwilling to leave with me? I offer you
        a place where you can enjoy yourselves without these pesky emotions which
        torture all the time.
    - speaker: Messenger
      sentence: 'It is time to decide princess: Do you accept my proposal to leave
        right now? Or do you refuse me and stay here for the time being?'
--- !u!1 &2294317611100210317
GameObject:
  m_ObjectHideFlags: 0
  m_CorrespondingSourceObject: {fileID: 0}
  m_PrefabInstance: {fileID: 0}
  m_PrefabAsset: {fileID: 0}
  serializedVersion: 6
  m_Component:
  - component: {fileID: 2294317611100210316}
  m_Layer: 0
  m_Name: Moon_Messenger
  m_TagString: Untagged
  m_Icon: {fileID: 0}
  m_NavMeshLayer: 0
  m_StaticEditorFlags: 0
  m_IsActive: 1
--- !u!4 &2294317611100210316
Transform:
  m_ObjectHideFlags: 0
  m_CorrespondingSourceObject: {fileID: 0}
  m_PrefabInstance: {fileID: 0}
  m_PrefabAsset: {fileID: 0}
  m_GameObject: {fileID: 2294317611100210317}
  m_LocalRotation: {x: 0, y: 0, z: 0, w: 1}
  m_LocalPosition: {x: 25.67717, y: 24.5, z: 694.8829}
  m_LocalScale: {x: 1, y: 1, z: 1}
  m_Children:
  - {fileID: 2294317612128359405}
  - {fileID: 2294317610726253825}
  m_Father: {fileID: 0}
  m_RootOrder: 0
  m_LocalEulerAnglesHint: {x: 0, y: 0, z: 0}
--- !u!1 &2294317612128359406
GameObject:
  m_ObjectHideFlags: 0
  m_CorrespondingSourceObject: {fileID: 0}
  m_PrefabInstance: {fileID: 0}
  m_PrefabAsset: {fileID: 0}
  serializedVersion: 6
  m_Component:
  - component: {fileID: 2294317612128359405}
  - component: {fileID: 2294317612128359402}
  - component: {fileID: 2294317612128359403}
  - component: {fileID: 2294317612128359404}
  m_Layer: 0
  m_Name: Cube
  m_TagString: Untagged
  m_Icon: {fileID: 0}
  m_NavMeshLayer: 0
  m_StaticEditorFlags: 0
  m_IsActive: 1
--- !u!4 &2294317612128359405
Transform:
  m_ObjectHideFlags: 0
  m_CorrespondingSourceObject: {fileID: 0}
  m_PrefabInstance: {fileID: 0}
  m_PrefabAsset: {fileID: 0}
  m_GameObject: {fileID: 2294317612128359406}
  m_LocalRotation: {x: 0, y: 0, z: 0, w: 1}
  m_LocalPosition: {x: 76.49, y: 2.36, z: 0}
  m_LocalScale: {x: 3.190221, y: 3.190221, z: 3.190221}
  m_Children: []
  m_Father: {fileID: 2294317611100210316}
  m_RootOrder: 0
  m_LocalEulerAnglesHint: {x: 0, y: 0, z: 0}
--- !u!33 &2294317612128359402
MeshFilter:
  m_ObjectHideFlags: 0
  m_CorrespondingSourceObject: {fileID: 0}
  m_PrefabInstance: {fileID: 0}
  m_PrefabAsset: {fileID: 0}
  m_GameObject: {fileID: 2294317612128359406}
  m_Mesh: {fileID: 10202, guid: 0000000000000000e000000000000000, type: 0}
--- !u!23 &2294317612128359403
MeshRenderer:
  m_ObjectHideFlags: 0
  m_CorrespondingSourceObject: {fileID: 0}
  m_PrefabInstance: {fileID: 0}
  m_PrefabAsset: {fileID: 0}
  m_GameObject: {fileID: 2294317612128359406}
  m_Enabled: 1
  m_CastShadows: 1
  m_ReceiveShadows: 1
  m_DynamicOccludee: 1
  m_MotionVectors: 1
  m_LightProbeUsage: 1
  m_ReflectionProbeUsage: 1
  m_RayTracingMode: 2
  m_RenderingLayerMask: 1
  m_RendererPriority: 0
  m_Materials:
  - {fileID: 10303, guid: 0000000000000000f000000000000000, type: 0}
  m_StaticBatchInfo:
    firstSubMesh: 0
    subMeshCount: 0
  m_StaticBatchRoot: {fileID: 0}
  m_ProbeAnchor: {fileID: 0}
  m_LightProbeVolumeOverride: {fileID: 0}
  m_ScaleInLightmap: 1
  m_ReceiveGI: 1
  m_PreserveUVs: 0
  m_IgnoreNormalsForChartDetection: 0
  m_ImportantGI: 0
  m_StitchLightmapSeams: 1
  m_SelectedEditorRenderState: 3
  m_MinimumChartSize: 4
  m_AutoUVMaxDistance: 0.5
  m_AutoUVMaxAngle: 89
  m_LightmapParameters: {fileID: 0}
  m_SortingLayerID: 0
  m_SortingLayer: 0
  m_SortingOrder: 0
--- !u!65 &2294317612128359404
BoxCollider:
  m_ObjectHideFlags: 0
  m_CorrespondingSourceObject: {fileID: 0}
  m_PrefabInstance: {fileID: 0}
  m_PrefabAsset: {fileID: 0}
  m_GameObject: {fileID: 2294317612128359406}
  m_Material: {fileID: 0}
  m_IsTrigger: 0
  m_Enabled: 1
  serializedVersion: 2
  m_Size: {x: 1, y: 1, z: 1}
  m_Center: {x: 0, y: 0, z: 0}
